@article{hasselmo1995dynamics,
  title={Dynamics of learning and recall at excitatory recurrent synapses and cholinergic modulation in rat hippocampal region CA3},
  author={Hasselmo, Michael E and Schnell, Eric and Barkai, Edi},
  journal={Journal of Neuroscience},
  volume={15},
  number={7},
  pages={5249--5262},
  year={1995},
  publisher={Soc Neuroscience}
}

@article{clark2020,
  title        = {The Facial Action Coding System for Characterization of Human Affective Response to Consumer Product-Based Stimuli: A Systematic Review},
  author       = {Clark, Elizabeth A and Kessinger, Julianna and Duncan, Susan E and Bell, Martha A and Lahne, Jacob and Gallagher, Daniel L and O'Keefe, Sean F},
  journal      = {Frontiers in Psychology},
  volume       = {11},
  pages        = {920},
  year         = {2020},
  month        = may,
  publisher    = {Frontiers Media SA},
  doi          = {10.3389/fpsyg.2020.00920},
  pmid         = {32528361},
  pmcid        = {PMC7264164}
}

@article{yan2014,
  title        = {CASME II: An Improved Spontaneous Micro-Expression Database and the Baseline Evaluation},
  author       = {Yan, Weisong J and Li, Xian and Wang, Shuhong J and Zhao, Guoying and Liu, Yu-Jing and Chen, Yong-Hong and Fu, Xiaolan},
  journal      = {PLOS ONE},
  volume       = {9},
  number       = {1},
  year         = {2014},
  month        = jan,
  publisher    = {Public Library of Science},
  doi          = {10.1371/journal.pone.0086041},
  pmid         = {24475068},
  pmcid        = {PMC3903513}
}

@article{wu2012,
  title        = {Eulerian Video Magnification for Revealing Subtle Changes in the World},
  author       = {Wu, Hao-Yu and Rubinstein, Michael and Shih, Eugene and Guttag, John and Durand, Fredo and Freeman, William},
  journal      = {ACM Transactions on Graphics (TOG)},
  volume       = {31},
  number       = {4},
  pages        = {1--8},
  year         = {2012},
  publisher    = {ACM}
}

@inproceedings{farneback2003,
  title        = {Two-Frame Motion Estimation Based on Polynomial Expansion},
  author       = {Farneback, Gunnar},
  booktitle    = {Scandinavian Conference on Image Analysis},
  pages        = {363--370},
  year         = {2003},
  publisher    = {Springer Berlin Heidelberg},
  address      = {Berlin, Heidelberg}
}

@article{zhao2007,
  title        = {Dynamic Texture Recognition Using Local Binary Patterns with an Application to Facial Expressions},
  author       = {Zhao, Guoying and Pietikainen, Matti},
  journal      = {IEEE Transactions on Pattern Analysis and Machine Intelligence},
  volume       = {29},
  number       = {6},
  pages        = {915--928},
  year         = {2007},
  publisher    = {IEEE}
}

@article{wang2021,
  title        = {A Dynamic 3D Spontaneous Micro-expression Database: Establishment and Evaluation},
  author       = {Wang, Fang and Li, Jiaxu and Zhang, Shichao and Qi, Chen and Zhang, Yipeng and Miao, Duoqian},
  journal      = {arXiv preprint arXiv:2108.00166},
  year         = {2021}
}

@inproceedings{li2013,
  title        = {A Spontaneous Micro-expression Database: Inducement, Collection and Baseline},
  author       = {Li, Xiaobai and Pfister, Thomas and Huang, Xin and Zhao, Guoying and Pietikainen, Matti},
  booktitle    = {2013 10th IEEE International Conference and Workshops on Automatic Face and Gesture Recognition (FG)},
  pages        = {1--6},
  year         = {2013},
  publisher    = {IEEE}
}

@INPROCEEDINGS{tran2015,
  author={Tran, Du and Bourdev, Lubomir and Fergus, Rob and Torresani, Lorenzo and Paluri, Manohar},
  booktitle={2015 IEEE International Conference on Computer Vision (ICCV)}, 
  title={Learning Spatiotemporal Features with 3D Convolutional Networks}, 
  year={2015},
  volume={},
  number={},
  pages={4489-4497},
  keywords={Three-dimensional displays;Convolution;Kernel;Feature extraction;Solid modeling;Streaming media;Training},
  doi={10.1109/ICCV.2015.510}}

@INPROCEEDINGS{carreira2017,
  author={Carreira, João and Zisserman, Andrew},
  booktitle={2017 IEEE Conference on Computer Vision and Pattern Recognition (CVPR)}, 
  title={Quo Vadis, Action Recognition? A New Model and the Kinetics Dataset}, 
  year={2017},
  volume={},
  number={},
  pages={4724-4733},
  keywords={Videos;Three-dimensional displays;Kinetic theory;Two dimensional displays;Kernel;Feature extraction;Solid modeling},
  doi={10.1109/CVPR.2017.502}}

@inproceedings{donahue2015,
  title        = {Long-term Recurrent Convolutional Networks for Visual Recognition and Description},
  author       = {Donahue, Jeff and Anne Hendricks, Lisa and Guadarrama, Sergio and Rohrbach, Marcus and Venugopalan, Subhashini and Saenko, Kate and Darrell, Trevor},
  booktitle    = {Proceedings of the IEEE Conference on Computer Vision and Pattern Recognition (CVPR)},
  pages        = {2625--2634},
  year         = {2015},
  publisher    = {IEEE}
}

@article{gan2019,
  title        = {OFF-ApexNet on Micro-Expression Recognition System},
  author       = {Gan, Y. S. and Liong, S. T. and Yau, W. C. and Huang, Y. C. and Tan, L. K.},
  journal      = {Signal Processing: Image Communication},
  volume       = {74},
  pages        = {129--139},
  year         = {2019},
}

@inproceedings{li2018,
  title        = {Optical Flow Guided Feature Selection for Micro-Expression Recognition},
  author       = {Li, Xiaobai and Huang, Xin and Zhao, Guoying and Pietik{\"a}inen, Matti},
  booktitle    = {2018 24th International Conference on Pattern Recognition (ICPR)},
  pages        = {1083--1088}, 
  year         = {2018},
  publisher    = {IEEE}
}

@phdthesis{li2022,
  author       = {Li, Yante},
  title        = {Machine Learning for Perceiving Facial Micro-Expression},
  school       = {University of Oulu},
  type         = {Ph.D. dissertation},
  series       = {Acta Universitatis Ouluensis C Technica},
  number       = {827},
  address      = {Oulu, Finland},
  year         = {2022}
}

@article{varanka2022,
  title        = {Data Leakage and Evaluation Issues in Micro‑Expression Analysis},
  author       = {Varanka, Tuomas and Li, Yante and Peng, Wei and Zhao, Guoying},
  journal      = {arXiv preprint arXiv:2211.11425},
  year         = {2022},
  note         = {Preprint},
  url          = {https://arxiv.org/abs/2211.11425}
}

@misc{meb2022,
  title        = {MEB: Micro‑Expression Benchmark},
  author       = {Varanka, Tuomas and Li, Yante and Peng, Wei and Zhao, Guoying},
  year         = {2022},
  howpublished = {\url{https://github.com/tvaranka/meb}},
  note         = {Open‑source library for micro‑expression analysis}
}

@article{li2023,
  title        = {4DME: A Spontaneous 4D Micro‑Expression Dataset With Multimodalities},
  author       = {Li, Xiaobai and Cheng, Shiyang and Li, Yante and Behzad, Muzammil and Shen, Jie and Zafeiriou, Stefanos and Pantic, Maja and Zhao, Guoying},
  journal      = {IEEE Transactions on Affective Computing},
  Volume       = {14},
  number       = {4},
  pages        = {3031--3047},
  year         = {2023},
  doi          = {10.1109/taffc.2022.3182342}
}

