@article{hasselmo1995dynamics,
  title={Dynamics of learning and recall at excitatory recurrent synapses and cholinergic modulation in rat hippocampal region CA3},
  author={Hasselmo, Michael E and Schnell, Eric and Barkai, Edi},
  journal={Journal of Neuroscience},
  volume={15},
  number={7},
  pages={5249--5262},
  year={1995},
  publisher={Soc Neuroscience}
}